THIS FILE IS COPIED AND ADAPTED FROM GENERATED BIB FILE IN OUR PLDI'16 REPO
,-------------------.
|     PREAMBLE      |
`-------------------'

@preamble{ "\providecommand{\noopsort}[1]{}
           \providecommand{\url}{\error{The bib files now require `url'
           package!}}"
}

,-------------------.
|  BIBTEX ENTRIES   |
`-------------------'

@misc{ASPLOS_16,
  author =        {Anonymous},
  note =          {To Appear in ASPLOS'16. Copy available as anonymous
                   supplementary material for double blind review.},
  title =         {\cogent: Verifying High-Assurance File System
                   Implementations},
  year =          {2016},
}

@inproceedings{Ahmed_FM_05,
  author =        {Amal Ahmed and Matthew Fluet and Greg Morrisett},
  booktitle =     {10th ICFP},
  pages =         {78--91},
  publisher =     {ACM},
  title =         {A Step-Indexed Model of Substructural State},
  year =          {2005},
}

@inproceedings{Barendsen_Smeters_93,
  author =        {Barendsen, Erik and Smetsers, Sjaak},
  booktitle =     {FSTTCS},
  editor =        {Shyamasundar, RudrapatnaK},
  pages =         {41--51},
  publisher =     {Springer},
  series =        {LNCS},
  title =         {Conventional and Uniqueness Typing in Graph Rewrite
                   Systems},
  volume =        {761},
  year =          {1993},
}

@book{Bertot_Casteran:CoqArt,
  author =        {Yves Bertot and Pierre Cast{\'e}ran},
  publisher =     {Springer},
  series =        {Texts in Theoretical Computer Science. An EATCS
                   Series},
  title =         {Interactive Theorem Proving and Program Development.
                   {Coq'Art}: The Calculus of Inductive Constructions},
  year =          {2004},
  NOdoi = {10.1007/978-3-662-07964-5},
  NOisbn = {3-540-20854-2},
}

@misc{COGENT_16,
  author =        {Anonymous},
  note =          {Link to the repository removed for double blind
                   review, and is available from PLDI PC upon request.},
  title =         {Companion Webpage: {\cogent} compiler, proofs, and file
                   systems},
  year =          {2016},
}

@article{Chargueraud_10,
  address =       {New York, NY, USA},
  author =        {Arthur Chargu{\'e}raud},
  journal =       {SIGPLAN Not.},
  month =         {Sep},
  number =        {9},
  pages =         {321--332},
  publisher =     {ACM},
  title =         {Program Verification Through Characteristic Formulae},
  volume =        {45},
  year =          {2010},
  NOdoi = {10.1145/1932681.1863590},
  NOissn = {0362-1340},
  url =           {http://doi.acm.org/10.1145/1932681.1863590},
}

@article{Chargueraud_11,
  address =       {New York, NY, USA},
  author =        {Arthur Chargu{\'e}raud},
  journal =       {SIGPLAN Not.},
  month =         {Sep},
  number =        {9},
  pages =         {418--430},
  publisher =     {ACM},
  title =         {Characteristic Formulae for the Verification of
                   Imperative Programs},
  volume =        {46},
  year =          {2011},
  NOdoi = {10.1145/2034574.2034828},
  NOissn = {0362-1340},
  url =           {http://doi.acm.org/10.1145/2034574.2034828},
}

@inproceedings{Chen_ZCCKZ_15,
  address =       {Monterey, CA},
  author =        {Haogang Chen and Daniel Ziegler and Tej Chajed and
                   Adam Chlipala and M. Frans Kaashoek and
                   Nickolai Zeldovich},
  booktitle =     {},
  month =         {Oct},
  note =          {to appear},
  title =         {Using {Crash} {Hoare} Logic for Certifying the {FSCQ}
                   File System},
  year =          {2015},
}

@inproceedings{Cock_KS_08,
  address =       {Montreal, Canada},
  author =        {Cock, David and Klein, Gerwin and Sewell, Thomas},
  booktitle =     {21st TPHOLs},
  editor =        {{Otmane Ait Mohamed, César Muñoz, Soﬁène Tahar}},
  month =         {Aug},
  pages =         {167-182},
  publisher =     {Springer},
  title =         {Secure Microkernels, State Monads and Scalable
                   Refinement},
  year =          {2008},
  NOdoi = {10.1007/978-3-540-71067-7_16},
}

@book{Dijkstra_97,
  address =       {Upper Saddle River, NJ, USA},
  author =        {Dijkstra, Edsger Wybe},
  edition =       {1st},
  publisher =     {Prentice Hall PTR},
  title =         {A Discipline of Programming},
  year =          {1997},
  NOisbn = {013215871X},
}

@inproceedings{Ennals_SM_04,
  author =        {Rob Ennals and Richard Sharp and Alan Mycroft},
  booktitle =     {13th ESOP},
  editor =        {David Schmidt},
  pages =         {204--218},
  publisher =     {Springer},
  series =        {LNCS},
  title =         {Linear Types for Packet Processing},
  volume =        {2986},
  year =          {2004},
}

@article{Fahndrich_DeLine_02,
  address =       {New York, NY, USA},
  author =        {Manuel Fahndrich and Robert DeLine},
  journal =       {SIGPLAN Not.},
  month =         {May},
  number =        {5},
  pages =         {13--24},
  publisher =     {ACM},
  title =         {Adoption and Focus: Practical Linear Types for
                   Imperative Programming},
  volume =        {37},
  year =          {2002},
  NOdoi = {10.1145/543552.512532},
  NOissn = {0362-1340},
  url =           {http://doi.acm.org/10.1145/543552.512532},
}

@misc{Filebench:misc,
  author =        {Filebench developers},
  howpublished =  {\url{http://sourceforge.net/projects/filebench}},
  key =           {Filebench},
  title =         {{Filebench} file system benchmark},
}

@misc{Go:lang,
  howpublished =  {\url{https://go.googlesource.com/go}},
  key =           {Go},
  note =          {Accessed Nov 2015},
  title =         {The {Go} Programming Language},
  year =          {2015},
}

@inproceedings{Greenaway_AK_12,
  address =       {Princeton, New Jersey, USA},
  author =        {Greenaway, David and Andronick, June and
                   Klein, Gerwin},
  booktitle =     {ITP},
  editor =        {{Lennart Beringer and Amy Felty}},
  month =         {Aug},
  pages =         {99-115},
  publisher =     {Springer Berlin / Heidelberg},
  title =         {Bridging the Gap: Automatic Verified Abstraction of
                   {C}},
  year =          {2012},
  NOdoi = {10.1007/978-3-642-32347-8_8},
}

@inproceedings{Greenaway_LAK_14,
  address =       {Edinburgh, UK},
  author =        {Greenaway, David and Lim, Japheth and Andronick, June and
                   Klein, Gerwin},
  booktitle =     {PLDI},
  month =         {Jun},
  pages =         {429--439},
  publisher =     {ACM},
  title =         {Don't Sweat the Small Stuff: Formal Verification of
                   {C} Code Without the Pain},
  year =          {2014},
  NOdoi = {10.1145/2594291.2594296},
}

@techreport{Habit:lang,
  address =       {Portland, OR, USA},
  author =        {{HASP project}},
  institution =   {Department of Computer Science, Portland State
                   University},
  month =         {Nov},
  number =            {\url{http://hasp.cs.pdx.edu/habit-report-Nov2010.pdf}},
  title =         {The {Habit} Programming Language: The Revised
                   Preliminary Report},
  year =          {2010},
}

@inproceedings{Hofmann_00,
  author =        {Martin Hofmann},
  booktitle =     {ESOP},
  editor =        {Smolka, Gert},
  pages =         {165--179},
  publisher =     {Springer},
  series =        {LNCS},
  title =         {A Type System for Bounded Space and Functional
                   In-Place Update--Extended Abstract.},
  volume =        {1782},
  year =          {2000},
}

@inproceedings{Keller_MAOCRKH_13,
  address =       {Farmington, Pennsylvania, USA},
  author =        {Keller, Gabi and Murray, Toby and Amani, Sidney and
                   O'Connor-Davis, Liam and Chen, Zilin and
                   Ryzhyk, Leonid and Klein, Gerwin and Heiser, Gernot},
  booktitle =     {PLOS},
  month =         {Nov},
  pages =         {1-7},
  title =         {File Systems Deserve Verification Too!},
  year =          {2013},
  NOdoi = {10.1145/2525528.2525530},
}

@inproceedings{Klein_EHACDEEKNSTW_09,
  address =       {Big Sky, MT, USA},
  author =        {Klein, Gerwin and Elphinstone, Kevin and
                   Heiser, Gernot and Andronick, June and Cock, David and
                   Derrin, Philip and Elkaduwe, Dhammika and
                   Engelhardt, Kai and Kolanski, Rafal and
                   Norrish, Michael and Sewell, Thomas and Tuch, Harvey and
                   Winwood, Simon},
  booktitle =     {SOSP},
  month =         {Oct},
  pages =         {207-220},
  publisher =     {ACM},
  title =         {{seL4}: Formal Verification of an {OS} Kernel},
  year =          {2009},
}

@article{Klein_AEMSKH_14,
  author =        {Klein, Gerwin and Andronick, June and
                   Elphinstone, Kevin and Murray, Toby and
                   Sewell, Thomas and Kolanski, Rafal and
                   Heiser, Gernot},
  journal =       {Trans. Comp. Syst.},
  month =         {Feb},
  number =        {1},
  pages =         {2:1-2:70},
  title =         {Comprehensive Formal Verification of an {OS}
                   Microkernel},
  volume =        {32},
  year =          {2014},
  NOdoi = {10.1145/2560537},
}

@inproceedings{Gu_KRSWWZG_15,
  author =        {Ronghui Gu and J{\'{e}}r{\'{e}}mie Koenig and
                   Tahina Ramananandro and Zhong Shao and
                   Xiongnan (Newman) Wu and Shu{-}Chun Weng and
                   Haozhong Zhang and Yu Guo},
  booktitle =     {42nd POPL},
  editor =        {Sriram K. Rajamani and David Walker},
  pages =         {595--608},
  publisher =     {{ACM}},
  title =         {Deep Specifications and Certified Abstraction Layers},
  year =          {2015},
  NOdoi = {10.1145/2676726.2676975},
}

@inproceedings{Beringer_PYA_15,
  author =        {Lennart Beringer and Adam Petcher and Katherine Q. Ye and
                   Andrew W. Appel},
  booktitle =     {24th USENIX Security},
  note =          {To appear},
  publisher =     {USENIX},
  title =         {Verified correctness and security of {OpenSSL HMAC}},
  year =          {2015},
}

@inproceedings{Kumar_MNO_14,
  address =       {San Diego},
  author =        {Kumar, Ramana and Myreen, Magnus and Norrish, Michael and
                   Owens, Scott},
  booktitle =     {POPL},
  editor =        {{Peter Sewell}},
  month =         {Jan},
  pages =         {179--191},
  publisher =     {ACM Press},
  title =         {{CakeML}: A Verified Implementation of {ML}},
  year =          {2014},
  NOdoi = {10.1145/2535838.2535841},
}

@inproceedings{Leroy_06,
  address =       {Charleston, SC, USA},
  author =        {Xavier Leroy},
  booktitle =     {33rd POPL},
  editor =        {J. G. Morrisett and S. L. P. Jones},
  pages =         {42--54},
  publisher =     {ACM},
  title =         {Formal certification of a compiler back-end, or:
                   Programming a compiler with a proof assistant},
  year =          {2006},
}

@article{Leroy_09,
  author =        {Xavier Leroy},
  journal =       {CACM},
  number =        {7},
  pages =         {107--115},
  title =         {Formal verification of a realistic compiler},
  volume =        {52},
  year =          {2009},
  NOdoi = {10.1145/1538788.1538814},
  NOissn = {0001-0782},
}

@inproceedings{Mazurak_10,
  address =       {New York, NY, USA},
  author =        {Mazurak, Karl and Zhao, Jianzhou and
                   Zdancewic, Steve},
  booktitle =     {Proceedings of the 5th ACM SIGPLAN Workshop on Types
                   in Language Design and Implementation},
  pages =         {77--88},
  publisher =     {ACM},
  series =        {TLDI '10},
  title =         {{Lightweight Linear Types in System F${}^\circ$}},
  year =          {2010},
  NOdoi = {10.1145/1708016.1708027},
  NOisbn = {978-1-60558-891-9},
  url =           {http://doi.acm.org/10.1145/1708016.1708027},
}

@inproceedings{McCreight_CT_10,
  author =        {McCreight, Andrew and Chevalier, Tim and
                   Tolmach, Andrew},
  booktitle =     {15th ICFP},
  pages =         {273--284},
  publisher =     {ACM},
  title =         {A Certified Framework for Compiling and Executing
                   Garbage-collected Languages},
  year =          {2010},
}

@misc{Mirabox:misc,
  howpublished =
  {\url{https://www.globalscaletechnologies.com/p-58-mirabox-development-kit.aspx}},
  key =           {Mirabox},
  note =          {Accessed Nov 2015},
  title =         {{MiraBox} Development Kit},
  year =          {2015},
}

@book{Nipkow_Klein:Isabelle,
  author =        {Tobias Nipkow and Gerwin Klein},
  publisher =     {Springer},
  title =         {Concrete Semantics with {Isabelle/HOL}},
  year =          {2014},
  NOdoi = {10.1007/978-3-319-10542-0},
  NOisbn = {978-3-319-10541-3},
}

@inproceedings{Odersky_92,
  author =        {Martin Odersky},
  booktitle =     {{ESOP} '92: 4th {E}uropean Symposium on Programming,
                   {R}ennes, France, Proceedings},
  editor =        {B. Krieg-Br{\"{u}}ckner},
  month =         {February},
  note =          {Lecture Notes in Computer Science 582},
  pages =         {390--407},
  publisher =     {Springer-Verlag},
  title =         {Observers for Linear Types},
  year =          {1992},
}

@book{Pierce_02,
  author =        {Benjamin C. Pierce},
  publisher =     {MIT Press},
  title =         {Types and Programming Languages},
  year =          {2002},
}

@inproceedings{Pike_HBEDL_14,
  address =       {San Diego, California, USA},
  author =        {Pike, Lee and Hickey, Patrick and Bielman, James and
                   Elliott, Trevor and DuBuisson, Thomas and
                   Launchbury, John},
  booktitle =     {2014PLPV},
  pages =         {1--2},
  publisher =     {ACM},
  title =         {Programming Languages for High-assurance Autonomous
                   Vehicles: Extended Abstract},
  year =          {2014},
  NOdoi = {10.1145/2541568.2541570},
}

@misc{Rust:lang,
  howpublished =  {\url{http://rustlang.org}},
  key =           {Rust},
  note =          {Accessed March 2015},
  title =         {The {Rust} Programming Language},
  year =          {2014},
}

@article{Sabry_Felleisen_92,
  author =        {Amr Sabry and Matthias Felleisen},
  journal =       {SIGPLAN Lisp Pointers},
  month =         {Jan},
  number =        {1},
  pages =         {288--298},
  publisher =     {ACM},
  title =         {Reasoning About Programs in Continuation-passing
                   Style},
  volume =        {V},
  year =          {1992},
}

@inproceedings{Sewell_MK_13,
  address =       {Seattle, Washington, USA},
  author =        {Sewell, Thomas and Myreen, Magnus and Klein, Gerwin},
  booktitle =     {PLDI},
  month =         {Jun},
  pages =         {471-481},
  publisher =     {ACM},
  title =         {Translation Validation for a Verified {OS} Kernel},
  year =          {2013},
}

@inproceedings{Tuch_KN_07,
  address =       {Nice, France},
  author =        {Tuch, Harvey and Klein, Gerwin and Norrish, Michael},
  booktitle =     {POPL},
  editor =        {{Martin Hofmann and Matthias Felleisen}},
  month =         {Jan},
  pages =         {97-108},
  publisher =     {ACM},
  title =         {Types, Bytes, and Separation Logic},
  year =          {2007},
  NOisbn = {1-59593-575-4},
}

@inproceedings{Wadler_90,
  author =        {Philip Wadler},
  booktitle =     {Programming Concepts and Methods},
  title =         {Linear types can change the world!},
  year =          {1990},
}

@misc{fstest:misc,
  author =        {Pawel Jakub Dawidek},
  howpublished =  {\url{https://github.com/zfsonlinux/fstest}},
  key =           {fstest},
  title =         {{POSIX} file system test suite},
}

@misc{greport,
  author =        {O'Connor-Davis, Liam},
  title =         {{Definition of Core \cogent}},
  year =          {2016},
}

@phdthesis{schirmer:phd,
  author =        {Norbert Schirmer},
  school =        {Technische Universit\"at M\"unchen},
  title =         {Verification of Sequential Imperative Programs in
                   {I}sabelle/{HOL}},
  year =          {2006},
}

